@InProceedings{allauzen:03,
  author    = {Cyril Allauzen and Mehryar Mohri and Brian Roark},
  title     = {{Generalized Algorithms for Constructing Statistical Language Models}},
  booktitle = {Proceedings of the 41st Meeting of the Association for Computational Linguistics},
  year      = {2003},
  pages     = {557--564}
}

@InProceedings{allauzen-riley-schalkwyk-skut-mohri:2007:CIAA,
  author    = {Allauzen, Cyril and Riley, Michael and Schalkwyk, Johan and Skut, Wojciech and Mohri, Mehryar},
  title     = {{OpenFst: A General and Efficient Weighted Finite-State Transducer Library}},
  booktitle = {Proceedings of CIAA},
  pages     = {11--23},
  year      = {2007}
}

@InProceedings{banerjee-lavie:2005:MTSumm,
  author    = {Banerjee, Satanjeev  and  Lavie, Alon},
  title     = {{METEOR: An Automatic Metric for MT Evaluation with Improved Correlation with Human Judgments}},
  booktitle = {Proceedings of the ACL Workshop on Intrinsic and Extrinsic Evaluation Measures for Machine Translation and/or Summarization},
  month     = {June},
  year      = {2005},
  address   = {Ann Arbor, Michigan},
  publisher = {Association for Computational Linguistics},
  pages     = {65--72},
  url       = {http://www.aclweb.org/anthology/W/W05/W05-0909}
}

@InProceedings{bangalore-bordel-riccardi:2001:ASRU,
  author    = {Bangalore, Srinivas and Bordel, German and Riccardi, Giuseppe},
  title     = {{Computing consensus translation from multiple machine translation systems}},
  booktitle = {IEEE Workshop on Automatic Speech Recognition and Understanding ({ASRU})},
  year      = {2001}
}

@book{bell-cleary-witten:1990:book,
  author    = {Bell, Timothy C. and Cleary, John G. and Witten, Ian H.},
  title     = {{Text compression}},
  year      = {1990},
  isbn      = {0-13-911991-4},
  publisher = {Prentice-Hall, Inc.},
  address   = {Upper Saddle River, NJ, USA},
}

@inproceedings{bender:07,
  author    = {Bender, Oliver and Matusov, Evgeny and Hahn, Stefan and Hasan, Sasa and Khadivi, Shahram and Ney, Hermann},
  booktitle = {Proceedings of ASRU},
  pages     = {396--401},
  title     = {{The RWTH Arabic-to-English Spoken Language Translation System}},
  location  = {Kyoto, Japan},
  year      = {2007}
}

@article{berger-dellapietra-dellapietra:1996:CL,
  title     = {{A Maximum Entropy Approach to Natural Language Processing}},
  author    = {Berger, Adam L. and Della Pietra, Stephen A. and Della Pietra, Vincent J.},
  journal   = {Computational linguistics},
  volume    = {22},
  number    = {1},
  pages     = {39--71},
  year      = {1996},
  publisher = {MIT Press}
}

@phdthesis{blackwood:2010:PHD,
  title={Lattice Rescoring Methods for Statistical Machine Translation},
  author={Blackwood, Graeme},
  year={2010},
  school={University of Cambridge}
}

@InProceedings{blackwood-degispert-byrne:2010:ACL,
  author    = {Blackwood, Graeme  and  de Gispert, Adri\`{a}  and  Byrne, William},
  title     = {{Efficient Path Counting Transducers for Minimum Bayes-Risk Decoding of Statistical Machine Translation Lattices}},
  booktitle = {Proceedings of the ACL 2010 Conference Short Papers},
  month     = {July},
  year      = {2010},
  address   = {Uppsala, Sweden},
  publisher = {Association for Computational Linguistics},
  pages     = {27--32},
  url       = {http://www.aclweb.org/anthology/P10-2006}
}

@InProceedings{blunsom-cohn-osborne:2008:ACL,
  author    = {Blunsom, Phil  and  Cohn, Trevor  and  Osborne, Miles},
  title     = {{A Discriminative Latent Variable Model for Statistical Machine Translation}},
  booktitle = {Proceedings of ACL-08: HLT},
  month     = {June},
  year      = {2008},
  address   = {Columbus, Ohio},
  publisher = {Association for Computational Linguistics},
  pages     = {200--208},
  url       = {http://www.aclweb.org/anthology/P/P08/P08-1024}
}

@InProceedings{blunsom-cohn-osborne:2008:NIPS,
  title     = {{Bayesian Synchronous Grammar Induction}},
  author    = {Blunsom, Phil and Cohn, Trevor and Osborne, Miles},
  booktitle = {Proceedings of NIPS},
  volume    = {21},
  year      = {2008},
}

@InProceedings{blunsom-cohn-dyer-osborne:2009:ACL,
  author    = {Blunsom, Phil  and  Cohn, Trevor  and  Dyer, Chris  and  Osborne, Miles},
  title     = {{A Gibbs Sampler for Phrasal Synchronous Grammar Induction}},
  booktitle = {Proceedings of the ACL},
  year      = {2009},
  pages     = {782--790}
}

@InProceedings{brants:2000:ANLP,
  author    = {Thorsten Brants},
  title     = {{TnT -- A Statistical Part-of-Speech Tagger}},
  booktitle = {Proceedings of ANLP},
  month     = {April},
  year      = {2000},
  pages     = {224--231}
}

@inproceedings{brants-popat-xu-och-dean:2007:EMNLP-CoNLL,
  author    = {Brants, Thorsten and Popat, Ashok C. and Xu, Peng and Och, Franz J. and Dean, Jeffrey},
  booktitle = {Proceedings of EMNLP-ACL},
  pages     = {858--867},
  title     = {{Large Language Models in Machine Translation}},
  year      = {2007}
}

@InProceedings{breslin-gales:2006:ICSLP,
  title     = {{Generating Complementary Systems for Speech Recognition}},
  author    = {Breslin, C. and Gales, M.J.F.},
  booktitle = {Ninth International Conference on Spoken Language Processing},
  year      = {2006},
}

@article{brown-dellapietra-dellapietra-mercer-1993,
   author   = {Brown, Peter F. and Della Pietra, Stephen A. and Della Pietra, Vincent J. and Mercer, Robert L.},
   title    = {{The Mathematics of Statistical Machine Translation: Parameter Estimation}},
   journal  = {Computational Linguistics},
   year     = {1993},
   volume   = {19},
   number   = {2},
   pages    = {263--311}
}

@InProceedings{brunning-degispert-byrne:2009:NAACLHLT,
  author    = {Brunning, Jamie  and  de Gispert, Adri\`{a}  and  Byrne, William},
  title     = {{Context-Dependent Alignment Models for Statistical Machine Translation}},
  booktitle = {Proceedings of HLT/NAACL},
  year      = {2009},
  pages     = {110--118}
}

@InProceedings{callisonburch-koehn-monz-peterson-przybocki-zaidan:2010:WMT,
  author    = {Callison-Burch, Chris  and  Koehn, Philipp  and  Monz, Christof  and  Peterson, Kay  and  Przybocki, Mark  and  Zaidan, Omar},
  title     = {{Findings of the 2010 Joint Workshop on Statistical Machine Translation and Metrics for Machine Translation}},
  booktitle = {Proceedings of the Joint Fifth Workshop on Statistical Machine Translation and MetricsMATR},
  month     = {July},
  year      = {2010},
  address   = {Uppsala, Sweden},
  publisher = {Association for Computational Linguistics},
  pages     = {17--53},
  note      = {Revised August 2010},
  url       = {http://www.aclweb.org/anthology/W10-1703}
}

@InProceedings{chappelier-rahman:1998:TAPD,
  author    = {Jean-C\'edric Chappelier and Martin Rajman},
  title     = {{A Generalized CYK Algorithm for Parsing Stochastic CFG}},
  booktitle = {Proceedings of TAPD},
  year      = {1998},
  pages     = {133--137},
}

@article{chen-goodman:1998:harvard,
  title     = {{An empirical study of smoothing techniques for language modeling (Tech. Rep. No. TR-10-98)}},
  author    = {Chen, Stanley F. and Goodman, Joshua},
  journal   = {Cambridge, MA: Harvard University},
  year      = {1998}
}

@InProceedings{chiang:2005:ACL,
  author    = {Chiang, David},
  title     = {{A Hierarchical Phrase-Based Model for Statistical Machine Translation}},
  booktitle = {ACL '05: Proceedings of the 43rd Annual Meeting on Association for Computational Linguistics},
  year      = {2005},
  pages     = {263--270},
  location  = {Ann Arbor, Michigan},
  doi       = {http://dx.doi.org/10.3115/1219840.1219873},
  publisher = {Association for Computational Linguistics},
  address   = {Morristown, NJ, USA},
}

@article{chiang:2007:CL,
  title     = {{Hierarchical Phrase-Based Translation}},
  author    = {Chiang, David},
  journal   = {Computational Linguistics},
  volume    = {33},
  number    = {2},
  pages     = {201--228},
  year      = {2007},
  publisher = {MIT Press}
}

@InProceedings{chiang:2010:ACL,
  author    = {Chiang, David},
  title     = {{Learning to Translate with Source and Target Syntax}},
  booktitle = {Proceedings of the 48th Annual Meeting of the Association for Computational Linguistics},
  month     = {July},
  year      = {2010},
  address   = {Uppsala, Sweden},
  publisher = {Association for Computational Linguistics},
  pages     = {1443--1452},
  url       = {http://www.aclweb.org/anthology/P10-1146}
}

@InProceedings{Cmejrek2009,
  author    = {Cmejrek, Martin and Bowen Zhou and Bing Xiang},
  title     = {{Enriching SCFG Rules Directly From Efficient Bilingual Chart Parsing}},
  booktitle = {Proceedings of IWSLT},
  year      = {2009},
  pages     = {136--143}
}

@InProceedings{degispert:09,
  author    = {de Gispert, Adri\`{a}  and  Virpioja, Sami  and  Kurimo, Mikko  and  Byrne, William},
  title     = {{Minimum Bayes Risk Combination of Translation Hypotheses from Alternative Morphological Decompositions}},
  booktitle = {Proceedings of Human Language Technologies: The 2009 Annual Conference of the North American Chapter of the Association for Computational Linguistics, Companion Volume: Short Papers},
  month     = {June},
  year      = {2009},
  address   = {Boulder, Colorado},
  publisher = {Association for Computational Linguistics},
  pages     = {73--76},
  url       = {http://www.aclweb.org/anthology/N/N09/N09-2019}
}

@InProceedings{degispert-iglesias-blackwood-banga-byrne:2010:CL,
  author    = {Adri\`{a} de Gispert and Gonzalo Iglesias and Graeme Blackwood and Eduardo R. Banga and William Byrne},
  title     = {{Hierarchical Phrase-based Translation with Weighted Finite State Transducers and Shallow-N Grammars (to appear)}},
  booktitle = {Computational Linguistics},
  year      = {2010}
}

@InProceedings{degispert-pino-byrne:2010:EMNLP,
  author    = {de Gispert, Adri\`{a} and Pino, Juan and Byrne, William J.},
  title     = {{Hierarchical Phrase-based Translation Grammars Extracted from Alignment Posterior Probabilities}},
  booktitle = {Proceedings of EMNLP (to appear)},
  year      = {2010}
}

@article{dempster-laird-rubin:1977:JRSS,
  title     = {{Maximum Likelihood from Incomplete Data via the EM algorithm}},
  author    = {Dempster, A.P. and Laird, N.M. and Rubin, D.B.},
  journal   = {Journal of the Royal Statistical Society. Series B (Methodological)},
  volume    = {39},
  number    = {1},
  pages     = {1--38},
  year      = {1977},
  publisher = {Royal Statistical Society}
}

@InProceedings{denero-klein:2008:ACL,
  title     = {{The Complexity of Phrase Alignment Problems}},
  author    = {DeNero, John and Klein, Dan},
  booktitle = {Proceedings of ACL},
  pages     = {25--28},
  year      = {2008},
  organization = {Association for Computational Linguistics}
}

@InProceedings{denero-kumar-chelba-och:2010:NAACL,
  author    = {DeNero, John  and  Kumar, Shankar  and  Chelba, Ciprian  and  Och, Franz},
  title     = {{Model Combination for Machine Translation}},
  booktitle = {Human Language Technologies: The 2010 Annual Conference of the North American Chapter of the Association for Computational Linguistics},
  month     = {June},
  year      = {2010},
  address   = {Los Angeles, California},
  publisher = {Association for Computational Linguistics},
  pages     = {975--983},
  url       = {http://www.aclweb.org/anthology/N10-1141}
}

@InProceedings{deng-byrne:2005:HLTEMNLP,
  author    = {Deng, Yonggang  and  Byrne, William},
  title     = {{HMM Word and Phrase Alignment for Statistical Machine Translation}},
  booktitle = {Proceedings of HLT/EMNLP},
  year      = {2005},
  pages     = {169--176}
}

@article{deng-and-byrne:2008:ASLP,
  author    = {Deng, Yonggang and Byrne, William},
  title     = {{HMM Word and Phrase Alignment for Statistical Machine Translation}},
  journal   = {IEEE Transactions on Audio, Speech, and Language Processing},
  volume    = {16},
  number    = {3},
  pages     = {494--507},
  year      = {2008}
}

@phdthesis{deng:2005:PHD,
  author = {Deng, Yonggang},
  title = {Bitext Alignment for Statistical Machine Translation},
  year = {2005},
  school = {Johns Hopkins University}
}

@InProceedings{doddington:2002:HLTR,
  author    = {Doddington, George},
  title     = {{Automatic Evaluation of Machine Translation Quality Using N-gram Co-Occurrence Statistics}},
  booktitle = {Proceedings of the second international conference on Human Language Technology Research},
  year      = {2002},
  pages     = {138--145},
  location  = {San Diego, California},
  publisher = {Morgan Kaufmann Publishers Inc.},
  address   = {San Francisco, CA, USA},
}

@InProceedings{fiscus:1997:ASRU,
  author    = {Jonathan G. Fiscus},
  title     = {{A Post-Processing System To Yield Reduced Word Error Rates: Recognizer Output Voting Error Reduction (ROVER)}},
  booktitle = {IEEE Workshop on Automatic Speech Recognition and Understanding ({ASRU})},
  year      = {1997},
  pages     = {347--352}
}

@InProceedings{foster-kuhn-johnson:2006:EMNLP,
  author    = {Foster, George  and  Kuhn, Roland  and  Johnson, Howard},
  title     = {{Phrasetable Smoothing for Statistical Machine Translation}},
  booktitle = {Proceedings of the 2006 Conference on Empirical Methods in Natural Language Processing},
  month     = {July},
  year      = {2006},
  address   = {Sydney, Australia},
  publisher = {Association for Computational Linguistics},
  pages     = {53--61},
  url       = {http://www.aclweb.org/anthology/W/W06/W06-1607}
}

@article{gale-and-church:1993:CL,
  title     = {{A Program for Aligning Sentences in Bilingual Corpora}},
  author    = {Gale, William A. and Church, Kenneth W.},
  journal   = {Computational linguistics},
  volume    = {19},
  number    = {1},
  pages     = {75--102},
  year      = {1993},
  publisher = {MIT Press}
}

@InProceedings{gale-church:1994:CBRL,
  author    = {William A. Gale and Kenneth W. Church},
  title     = {{What's Wrong with Adding One?}},
  booktitle = {Corpus-Based Research into Language.},
  year      = {1994}
}

@InProceedings{galley-hopkins-knight-marcu:2004:NAACL,
  author    = {Galley, Michel  and  Hopkins, Mark  and  Knight, Kevin  and  Marcu, Daniel},
  title     = {{What's in a translation rule?}},
  booktitle = {HLT-NAACL 2004: Main Proceedings },
  editor    = {Susan Dumais, Daniel Marcu and Salim Roukos},
  year      = 2004,
  month     = {May 2 - May 7},
  address   = {Boston, Massachusetts, USA},
  publisher = {Association for Computational Linguistics},
  pages     = {273--280},
  url       = {http://www1.cs.columbia.edu/~galley/papers/syntax-mt.pdf}
}

@InProceedings{galley-graehl-knight-marcu-deneefe-wang-thayer:2006:ACL,
  author    = {Galley, Michel  and  Graehl, Jonathan  and  Knight, Kevin  and  Marcu, Daniel  and  DeNeefe, Steve  and  
               Wang, Wei  and  Thayer, Ignacio},
  title     = {{Scalable Inference and Training of Context-Rich Syntactic Translation Models}},
  booktitle = {Proceedings of the 21st International Conference on Computational Linguistics and 
               44th Annual Meeting of the Association for Computational Linguistics},
  month     = {July},
  year      = {2006},
  address   = {Sydney, Australia},
  publisher = {Association for Computational Linguistics},
  pages     = {961--968}
}

@article{good:1953:biometrika,
  title     = {{The population frequencies of species and the estimation of population parameters}},
  author    = {Good, I.J.},
  journal   = {Biometrika},
  volume    = {40},
  number    = {3-4},
  pages     = {237},
  year      = {1953},
  publisher = {Biometrika Trust}
}

@InProceedings{habash-rambow:2005:ACL,
  title     = {{Arabic Tokenization, Part-of-speech Tagging and Morphological Disambiguation in One Fell Swoop}},
  author    = {Habash, Nizar and Rambow, Owen},
  booktitle = {Proceedings of the 43rd Annual Meeting on Association for Computational Linguistics},
  pages     = {580},
  year      = {2005},
  organization = {Association for Computational Linguistics}
}

@InProceedings{hildebrand-vogel:2008:AMTA,
  author    = {Hildebrand, Almut Silja and Vogel, Stephan},
  title     = {{Combination of Machine Translation Systems via Hypothesis Selection from Combined N-Best Lists}},
  year      = {2008},
  booktitle = {Proceedings of the Eighth Conference of the Association for Machine Translation in the Americas},
  pages     = {254--261}  
}

@InProceedings{iglesias-degispert-banga-byrne:2009:SEPLN,
  author    = {Iglesias, Gonzalo and de Gispert, Adri\`{a} and R. Banga,Eduardo and Byrne, William },
  title     = {{The HiFST System for the EuroParl Spanish-to-English Task}},
  booktitle = {Proceedings of SEPLN},
  year      = {2009},
  pages     = {207--214}
}
 
@InProceedings{iglesias-degispert-banga-byrne:2009:EACL,
  author    = {Iglesias, Gonzalo and de Gispert, Adri\`{a}  and R. Banga, Eduardo and Byrne, William},
  title     = {{Rule Filtering by Pattern for Efficient Hierarchical Translation}},
  booktitle = {Proceedings of {EACL}},
  year      = {2009},
  pages     = {380--388},
}

@InProceedings{iglesias-degispert-banga-byrne:2009:NAACL,
  author    = {Iglesias, Gonzalo and de Gispert, Adri\`{a} and R. Banga, Eduardo and Byrne, William},
  title     = {{Hierarchical Phrase-Based Translation with Weighted Finite State Transducers}},
  booktitle = {Proceedings of {NAACL}},
  year      = {2009},
  pages     = {433--441},
}

@InProceedings{kneser-ney:1995:ICASSP,
  title     = {{Improved backing-off for m-gram language modeling}},
  author    = {Kneser, Reinhard and Ney, Hermann},
  booktitle = {Proceedings of ICASSP},
  volume    = {1},
  pages     = {181--184},
  year      = {1995}
}

@book{koehn:2010:book,
  title     = {{Statistical Machine Translation}},
  publisher = {Cambridge University Press},
  year      = {2010},
  author    = {Koehn, Philipp}
}

@InProceedings{koehn-och-marcu:2003:NAACL,
  title     = {{Statistical Phrase-Based Translation}},
  author    = {Koehn, Philipp and Och, Franz J. and Marcu, Daniel},
  booktitle = {Proceedings of HLT/NAACL},
  pages     = {48--54},
  year      = {2003}
}

@InProceedings{kumar-byrne:2004:NAACL,
  author    = {Shankar Kumar and William Byrne},
  title     = {{Minimum Bayes-risk decoding for statistical machine translation}},
  booktitle = {Proceedings of HLT-NAACL},
  year      = {2004},
  pages     = {169--176}
}

@InProceedings{kumar-och-macherey:2007:EMNLP,
  author    = {Kumar, Shankar  and  Och, Franz J.  and  Macherey, Wolfgang},
  title     = {{Improving Word Alignment with Bridge Languages}},
  booktitle = {Proceedings of EMNLP-CoNLL},
  year      = {2007},
  pages     = {42--50}
}

@InProceedings{liu-xia-xiao-liu:2009:EMNLP,
  author    = {Liu, Yang  and  Xia, Tian  and  Xiao, Xinyan  and  Liu, Qun},
  title     = {{Weighted Alignment Matrices for Statistical Machine Translation}},
  booktitle = {Proceedings of EMNLP},
  year      = {2009},
  pages     = {1017--1026}
}

@InProceedings{lopez:2008:COLING,
  author    = {Lopez, Adam},
  title     = {{Tera-Scale Translation Models via Pattern Matching}},
  booktitle = {Proceedings of {COLING}},
  year      = {2008},
  pages     = {505--512},
}

@InProceedings{macherey-och:2007:EMNLP,
  author    = {Wolfgang Macherey and Franz J. Och},
  title     = {{An empirical study on computing consensus translations from multiple machine translation systems}},
  booktitle = {Proceedings of the 2007 Joint Conference on Empirical Methods in Natural Language Processing and Computational Natural Language Learning},
  year      = {2007},
  pages     = {986--995}
}

@InProceedings{macherey-och-thayer-uszkoreit:2008:EMNLP,
  author    = {Macherey, Wolfgang  and  Och, Franz  and  Thayer, Ignacio  and  Uszkoreit, Jakob},
  title     = {{Lattice-based Minimum Error Rate Training for Statistical Machine Translation}},
  booktitle = {Proceedings of the 2008 Conference on Empirical Methods in Natural Language Processing},
  month     = {October},
  year      = {2008},
  address   = {Honolulu, Hawaii},
  publisher = {Association for Computational Linguistics},
  pages     = {725--734},
  url       = {http://www.aclweb.org/anthology/D08-1076}
}

@InProceedings{marcu-wong:2002:EMNLP,
  title     = {{A Phrase-Based, Joint Probability Model for Statistical Machine Translation}},
  author    = {Marcu, Daniel and Wong, William},
  booktitle = {Proceedings of EMNLP},
  pages     = {139},
  year      = {2002},
  organization = {Association for Computational Linguistics}
}

@article{marcus-marcinkiewicz-santorini:1993:CL,
  title     = {{Building a large annotated corpus of English: The Penn Treebank}},
  author    = {Marcus, Mitchell P. and Santorini, Beatrice and Marcinkiewicz, Mary Ann},
  journal   = {Computational linguistics},
  volume    = {19},
  number    = {2},
  pages     = {330},
  year      = {1993},
  publisher = {MIT Press}
}

@InProceedings{matusov-ueffing-ney:2006:EACL,
  author    = {Matusov, Evgeny and Ueffing, Nicola and Ney, Hermann},
  title     = {{Computing Consensus Translation from Multiple Machine Translation Systems Using Enhanced Hypotheses Alignment}},
  booktitle = {Proceedings of the European Association for Computational Linguistics},
  year      = {2006}
}

@misc{mendonca:09,
  author    = {Angelo Mendonca and David Graff and Denise DiPersio},
  title     = {{Spanish Gigaword Second Edition}, {Linguistic Data Consortium}},
  publisher = {Linguistic Data Consortium},
  location  = {Philadelphia},
  year      = {2009}
}

@InProceedings{mi-liu:2010:ACL,
  author    = {Mi, Haitao  and  Liu, Qun},
  title     = {{Constituency to Dependency Translation with Forests}},
  booktitle = {Proceedings of the 48th Annual Meeting of the Association for Computational Linguistics},
  month     = {July},
  year      = {2010},
  address   = {Uppsala, Sweden},
  publisher = {Association for Computational Linguistics},
  pages     = {1433--1442},
  url       = {http://www.aclweb.org/anthology/P10-1145}
}

@InProceedings{och:2003:ACL,
  author    = {Och, Franz J.},
  title     = {{Minimum Error Rate Training in Statistical Machine Translation}},
  booktitle = {Proceedings of ACL},
  year      = 2003,
  pages     = {160--167}
}

@InProceedings{och-ney:2001:MTSummit,
  author    = {Franz Josef Och and Hermann Ney},
  title     = {{Statistical Multi-Source Translation}},
  booktitle = {Machine Translation Summit 2001},
  year      = {2001},
  pages     = {253--258}
}

@InProceedings{och-ney:2002:ACL,
  author    = {Franz Josef Och  and  Hermann  Ney},
  title     = {{Discriminative Training and Maximum Entropy Models for Statistical Machine Translation}},
  booktitle = {Proceedings of 40th Annual Meeting of the Association for Computational Linguistics},
  month     = {July},
  year      = {2002},
  address   = {Philadelphia, Pennsylvania, USA},
  publisher = {Association for Computational Linguistics},
  pages     = {295--302},
  url       = {http://www.aclweb.org/anthology/P02-1038},
  doi       = {10.3115/1073083.1073133}
}

@InProceedings{papineni-roukos-ward-zhu:2002:ACL,
  author    = {Kishore Papineni and Salim Roukos and Todd Ward and Wei-Jing Zhu},
  title     = {{BLEU: a method for automatic evaluation of machine translation}},
  booktitle = {Proceedings of ACL},
  year      = {2001},
  pages     = {311-318}
}

@InProceedings{petrov-barrett-thibaux-klein:2006:COLINGACL,
   author    = {Petrov, Slav  and  Barrett, Leon  and  Thibaux, Romain  and  Klein, Dan},
   title     = {{Learning Accurate, Compact, and Interpretable Tree Annotation}},
   booktitle = {Proceedings of the 21st International Conference on Computational Linguistics and 44th Annual Meeting of the Association for Computational Linguistics},
   month     = {July},
   year      = {2006},
   address   = {Sydney, Australia},
   publisher = {Association for Computational Linguistics},
   pages     = {433--440},
   url       = {http://www.aclweb.org/anthology/P/P06/P06-1055}
}

@InProceedings{pauls-klein-chiang-knight:2010:NAACL,
  author    = {Pauls, Adam  and  Klein, Dan  and  Chiang, David  and  Knight, Kevin},
  title     = {{Unsupervised Syntactic Alignment with Inversion Transduction Grammars}},
  booktitle = {Proceedings of the HLT-NAACL},
  year      = {2010},
  pages     = {118--126}
}

@InProceedings{pino-iglesias-degispert-blackwood-brunning-byrne:2010:WMT,
  author    = {Pino, Juan  and  Iglesias, Gonzalo  and  de Gispert, Adri\`{a}  and  Blackwood, Graeme  and  Brunning, Jamie  and  Byrne, William},
  title     = {{The CUED HiFST System for the WMT10 Translation Shared Task}},
  booktitle = {Proceedings of the Joint Fifth Workshop on Statistical Machine Translation and MetricsMATR},
  month     = {July},
  year      = {2010},
  address   = {Uppsala, Sweden},
  publisher = {Association for Computational Linguistics},
  pages     = {155--160},
  url       = {http://www.aclweb.org/anthology/W10-1722}
}

@InProceedings{rosti-ayan-xiang-matsoukas-schwartz-dorr:2007:NAACL,
  author    = {Antti-Veikko I. Rosti and Necip Fazil Ayan and Bing Xiang and Spyros Matsoukas and Richard Schwartz and Bonnie J. Dorr},
  title     = {{Combining Outputs from Multiple Machine Translation Systems}},
  booktitle = {Proceedings of the North American Chapter of the Association for Computational Linguistics Human Language Technologies},
  month     = {April},
  year      = {2007},
  address   = {Rochester, NY},
  publisher = {Association for Computational Linguistics},
  pages     = {228--235}
}

@InProceedings{rosti-matsoukas-schwartz:2007:ACL,
  author    = {Antti-Veikko I. Rosti and Spyros Matsoukas and Richard Schwartz},
  title     = {{Improved Word-Level System Combination for Machine Translation}},
  booktitle = {Proceedings of the 45th Annual Meeting of the Association of Computational Linguistics},
  month     = {June},
  year      = {2007},
  address   = {Prague, Czech Republic},
  publisher = {Association for Computational Linguistics},
  pages     = {312--319}
}

@InProceedings{saers-wu:2009:SSST,
  author     = {Saers, Markus and Wu, Dekai},
  title      = {{Improving phrase-based translation via word alignments from stochastic inversion transduction grammars}},
  booktitle  = {Proceedings of the HLT-NAACL Workshop on Syntax and Structure in Statistical Translation},
  year       = {2009},
  pages      = {28--36}
}

@InProceedings{schmid:1994:NMLP,
  title      = {{Probabilistic part-of-speech tagging using decision trees}},
  author     = {Schmid, Helmut},
  booktitle  = {Proceedings of International Conference on New Methods in Language Processing},
  volume     = {12},
  year       = {1994},
  organization = {Manchester, UK}
}

@InProceedings{schroeder-cohn-koehn:2009:EACL,
  author    = {Schroeder, Josh  and  Cohn, Trevor  and  Koehn, Philipp},
  title     = {{Word Lattices for Multi-Source Translation}},
  booktitle = {Proceedings of EACL},
  year      = {2009},
  pages     = {719--727}
}

@InProceedings{setiawan-resnik:2010:NAACL,
  author    = {Setiawan, Hendra  and  Resnik, Philip},
  title     = {{Generalizing Hierarchical Phrase-based Translation using Rules with Adjacent Nonterminals}},
  booktitle = {Human Language Technologies: The 2010 Annual Conference of the North American Chapter of the Association for Computational Linguistics},
  month     = {June},
  year      = {2010},
  address   = {Los Angeles, California},
  publisher = {Association for Computational Linguistics},
  pages     = {349--352},
  url       = {http://www.aclweb.org/anthology/N10-1052}
}

@InProceedings{shen-xu-weischedel:2008:ACL,
  author    = {Shen, Libin  and  Xu, Jinxi  and  Weischedel, Ralph},
  title     = {{A New String-to-Dependency Machine Translation Algorithm with a Target Dependency Language Model}},
  booktitle = {Proceedings of the ACL},
  year      = {2008},
  pages     = {577--585},
}

@InProceedings{sim-byrne-gales-sahbi-woodland:2007:ICASSP,
  author    = {Khe Chai Sim and William J. Byrne and Mark J. F. Gales and Hichem Sahbi and Phil C. Woodland},
  title     = {{Consensus network decoding for statistical machine translation}},
  booktitle = {IEEE Conference on Acoustics, Speech and Signal Processing},
  year      = {2007}
}

@InProceedings{snover-dorr-schwartz-micciulla-makhoul:2006:AMTA,
  title     = {{A Study of Translation Edit Tate with Targeted Human Annotation}},
  author    = {Snover, Matthew and Dorr, Bonnie and Schwartz, Richard and Micciulla, Linnea and Makhoul, John},
  booktitle = {Proceedings of Association for Machine Translation in the Americas},
  pages     = {223--231},
  year      = {2006},
  organization = {Citeseer}
}

@InProceedings{stolcke:2002:SLP,
  title     = {{SRILM--An Extensible Language Modeling Toolkit}},
  author    = {Stolcke, Andreas},
  booktitle = {Proceedings of ICSLP},
  volume    = {3},
  pages     = {901--904},
  year      = {2002}
}

@InProceedings{tidhar-kussner:2000:COLING,
  title     = {{Learning to Select a Good Translation}},
  author    = {Tidhar, Dan and K\"ussner, Uwe},
  booktitle = {Proceedings of the 18th Conference on Computational Linguistics},
  pages     = {843--849},
  year      = {2000},
  organization = {Association for Computational Linguistics}
}

@InProceedings{tromble-kumar-och-macherey:2008:EMNLP,
  author    = {Tromble, Roy  and  Kumar, Shankar  and  Och, Franz  and  Macherey, Wolfgang},
  title     = {{Lattice Minimum Bayes-Risk Decoding for Statistical Machine Translation}},
  booktitle = {Proceedings of the 2008 Conference on Empirical Methods in Natural Language Processing},
  month     = {October},
  year      = {2008},
  address   = {Honolulu, Hawaii},
  publisher = {Association for Computational Linguistics},
  pages     = {620--629},
  url       = {http://www.aclweb.org/anthology/D08-1065}
}

@InProceedings{venugopal-zollmann-smith-vogel:2008:AMTA,
  author    = {Venugopal, Ashish and Andreas Zollmann and Noah A. Smith and Stephan Vogel},
  title     = {{Wider Pipelines: N-Best Alignments and Parses in MT Training}},
  booktitle = {Proceedings of {AMTA}},
  year      = {2008},
  pages     = {192--201}
}

@InProceedings{vogel-ney-tillmann,
  title     = {{HMM-Based Word Alignment in Statistical Translation}},
  author    = {Vogel, Stephan and Ney, Hermann and Tillmann, Christoph},
  booktitle = {Proceedings of the 16th International Conference on Computational Linguistics},
  pages     = {836--841},
  year      = {1996},
  organization = {Association for Computational Linguistics}
}

@InProceedings{wu:1995:IJCAI,
  title     = {{Stochastic Inversion Transduction Grammars, with Application to Segmentation, Bracketing, and Alignment of Parallel Corpora}},
  author    = {Wu, Dekai},
  booktitle = {International Joint Conference on Artificial Intelligence},
  volume    = {14},
  pages     = {1328--1337},
  year      = {1995}
}

@article{wu:1997:CL,
  title     = {{Stochastic Inversion Transduction Grammars and Bilingual Parsing of Parallel Corpora}},
  author    = {Wu, Dekai},
  journal   = {Computational Linguistics},
  volume    = {23},
  number    = {3},
  pages     = {377--403},
  year      = {1997},
  publisher = {MIT Press}
}

@InProceedings{wuebker-mauser-ney:2010:ACL,
  author    = {Wuebker, Joern  and  Mauser, Arne  and  Ney, Hermann},
  title     = {{Training Phrase Translation Models with Leaving-One-Out}},
  booktitle = {Proceedings of the 48th Annual Meeting of the Association for Computational Linguistics},
  month     = {July},
  year      = {2010},
  address   = {Uppsala, Sweden},
  publisher = {Association for Computational Linguistics},
  pages     = {475--484},
  url       = {http://www.aclweb.org/anthology/P10-1049}
}

@InProceedings{xiao-zhu-zhu-wang:2010:ACL,
  author    = {Xiao, Tong  and  Zhu, Jingbo  and  Zhu, Muhua  and  Wang, Huizhen},
  title     = {{Boosting-Based System Combination for Machine Translation}},
  booktitle = {Proceedings of the 48th Annual Meeting of the Association for Computational Linguistics},
  month     = {July},
  year      = {2010},
  address   = {Uppsala, Sweden},
  publisher = {Association for Computational Linguistics},
  pages     = {739--748},
  url       = {http://www.aclweb.org/anthology/P10-1076}
}

@InProceedings{yamada-knight:2001:ACL,
  author    = {Kenji Yamada  and  Kevin Knight},
  title     = {{A Syntax-based Statistical Translation Model}},
  booktitle = {Proceedings of 39th Annual Meeting of the Association for Computational Linguistics},
  month     = {July},
  year      = {2001},
  address   = {Toulouse, France},
  publisher = {Association for Computational Linguistics},
  pages     = {523--530},
  url       = {http://www.aclweb.org/anthology/P01-1067},
  doi       = {10.3115/1073012.1073079}
}

@InProceedings{zollmann-venugopal:2006:WMT,
  author    = {Zollmann, Andreas  and  Venugopal, Ashish},
  title     = {Syntax Augmented Machine Translation via Chart Parsing},
  booktitle = {Proceedings on the Workshop on Statistical Machine Translation},
  month     = {June},
  year      = {2006},
  address   = {New York City},
  publisher = {Association for Computational Linguistics},
  pages     = {138--141},
  url       = {http://www.aclweb.org/anthology/W/W06/W06-3119}
}

@InProceedings{zollmann-venugopal-och-ponte:2008:COLING,
  author    = {Zollmann, Andreas and Venugopal, Ashish and Och, Franz J. and Ponte, Jay},
  title     = {{A Systematic Comparison of Phrase-Based, Hierarchical and Syntax-Augmented Statistical MT}},
  booktitle = {Proceedings of {COLING}},
  year      = {2008},
  pages     = {1145--1152}
}
